<?xml version="1.0" encoding="UTF-8"?><collection xmlns="http://www.loc.gov/MARC21/slim"><record><leader>00487nam--2200181-i-4500</leader><controlfield tag="001">000032967</controlfield><controlfield tag="002">20161230</controlfield><controlfield tag="005">20161230201039</controlfield><controlfield tag="008">060222s1000------------r-----000-0-rum-d</controlfield><datafield ind1=" " ind2=" " tag="040"><subfield code="a">IFIN-HH</subfield></datafield><datafield ind1=" " ind2=" " tag="041"><subfield code="a">rum</subfield></datafield><datafield ind1=" " ind2=" " tag="080"><subfield code="a">519.2</subfield></datafield><datafield ind1="1" ind2=" " tag="100"><subfield code="a">Mihaila, N</subfield></datafield><datafield ind1="1" ind2="0" tag="245"><subfield code="a">Introducere in teoria probabilitatilor si statistica matematica</subfield><subfield code="c">N. Mihaila</subfield></datafield><datafield ind1=" " ind2=" " tag="260"><subfield code="a">Bucuresi, Editura Didactica Si Pedagogica, 1965 </subfield></datafield><datafield ind1=" " ind2=" " tag="300"><subfield code="a">416P</subfield></datafield><datafield ind1=" " ind2=" " tag="852"><subfield code="a">76523</subfield><subfield code="c">519.2</subfield></datafield><datafield ind1=" " ind2=" " tag="CAT"><subfield code="a">Sys</subfield><subfield code="c">20100618</subfield><subfield code="h">103319</subfield></datafield></record></collection>